@online{ref1,
	Author = {Corporación Colombia Digital},
	Title = {¿Qué es Arquitectura Empresarial?},
	Url = {http://www.colombiadigital.net/actualidad/articulos-informativos/item/8123-que-es-arquitectura-empresarial.html},
	Urldate = {2016-01-27},
	Year = {2015}}

@book{ref2,
	author = {Ken Schwaber y Jeff Sutherland},
	title = {The Scrum Guide},
	date = {2013}}

@book{ref3,
	author = {Pete Deemer y Gabrielle Benefield y Craig Larman y Bas Vodde},
	title = {Una introducción básica a la teoría y práctica de Scrum
	Versión 2.0},
	date = {2012}}

@book{ref4,
	author = {Andrew Josey Rachel Harrison},
	title = {T. GROUP ET AL. TOGAF ® Versión 9.1 Guía de Bolsillo},
	date = {2013}}

@inreference{ref5,
	author = {Sandro Javier Bolaños Castro y Rubén González Crespo},
	editor = {IEEE},	
	title = {A Software Architecture Proposal Artistic Engineering Environment -AEE},
	date = {2012}}

@book{ref6,
	author = {Erich Gamma y Richard Helm y Ralph Johnson y John Vlissides},
	title = {Design Patterns},
	date = {1995}}

@book{ref7,
	author = {Ing. Mario Italo Palacios},
	title = {ARQUITECTURA EMPRESARIAL PARA EL DISEÑO DE ESTRATEGIAS INTELIGENTES},
	date = {2014},
	pages = {10 - 20}}

@article{ref8,
	author = {Martín D. Arango S. - Jesús E. Londoño S. - Julián A. Zapata C.},
	title = {Arquitectura Empresarial - Una Visión General},
	journaltitle = {Revista Ingenierías Universidad de Medellín},
	date = {enero - junio de 2010},
	volume = {9},
	number = {16},
	pages = {101-111},
	issn = {1692-3324}}

@book{ref9,
	author = {The Open Group},
	title = {ArchiMate® 2.1 Specification},
	date = {2013},
	language = {English},
	publisher = {Van Haren Publishing},
	isbn = {9789401800037}}

@online{ref10,
	Author = {The Open Group},
	Title = {Leading the development of open, vendor-neutral IT standards and certifications},
	Url = {http://www.opengroup.org/},
	Urldate = {2016-01-15},
	Year = {2016}}

@online{ref11,
	Author = {msdn Microsoft},
	Title = {Fundamentos de la POO - MSDN - Microsoft},
	Url = {https://msdn.microsoft.com/es-co/library/bb972232.aspx},
	Urldate = {2016-01-20},
	Year = {2016}}

@book{ref12,
	author = {Christopher Alexander},
	title = {The Timeless Way of Building},
	date = {1979},
	language = {English},
	publisher = {Oxford University Press}}

@online{ref13,
	Author = {Juan Salazar y Juan Lizarazo y Juan Mora y Kevin Jamaica},
	Title = {Colosoft - Portal de productos y servicios informáticos},
	Url = {http://www.colosoft.com.co/},
	Urldate = {2015-12-12},
	Year = {2016}}